
\newcommand{\commentjeff}[1]{\crisyscomment{Jeff Thompson}{#1}}
\newcommand{\commentyunja}[1]{\crisyscomment{Yunja Choi}{#1}}
\newcommand{\commentmike}[1]{\crisyscomment{Mike Whalen}{#1}}
\newcommand{\commenteric}[1]{\crisyscomment{Eric Engstrom}{#1}}
\newcommand{\commentmats}[1]{\crisyscomment{Mats Heimdahl}{#1}}
\newcommand{\commentdan}[1]{\crisyscomment{Dan O'Brien}{#1}}
\newcommand{\commentanjali}[1]{\crisyscomment{Anjali Joshi}{#1}}
\newcommand{\commentget}[1]{\crisyscomment{{\sc Do Not Have}}{#1}}
\newcommand{\jefftoread}[0]{\crisyscomment{JeffThompson}{To read.}}
\newcommand{\miketoread}[0]{\crisyscomment{Mike Whalen}{To read.}}
\newcommand{\sanjaitoread}[0]{\crisyscomment{Sanjai Rayadurgam}{To read.}}
\newcommand{\commentpark}[1]{\crisyscomment{Myung-Hwan Park}{#1}}

@string{TransSE = "IEEE Transactions on Software Engineering"}
@string{transse = "IEEE Transactions on Software Engineering"}
@string{tse = "IEEE Transactions on Software Engineering"}
@string{software = "{IEEE} Software"}
@string{computer = "{IEEE} Computer"}
@string{csoc = "{IEEE} Computer Society"}

%%%
% Compositional Reasoning - HILT related
%%%

@Misc{SPEEDS,
   organization = "European Union 6th Framework Project in Embedded Systems Development",
   title = {{SPE}culative and {E}xporatory {D}esign in {S}ystem engineering},
   howpublished = {http://www.speeds.eu.com/},
   year={2006-2009},
   key = {SPEEDS-EU}
}

@incollection{gotel2012traceability,
  title={Traceability fundamentals},
  author={Gotel, Orlena and Cleland-Huang, Jane and Hayes, Jane Huffman and Zisman, Andrea and Egyed, Alexander and Gr{\"u}nbacher, Paul and Dekhtyar, Alex and Antoniol, Giuliano and Maletic, Jonathan and M{\"a}der, Patrick},
  booktitle={Software and Systems Traceability},
  pages={3--22},
  year={2012},
  publisher={Springer}
}



@MISC{MathWorks,
  author =       "MathWorks",
  title =        "The {M}ath{W}orks {I}nc. Corporate Web Page",
  year = "2004",
  howpublished = "http://www.mathworks.com"
}

@Book{SAE:BAAnnex,
  author =   {SAE},
  title =    {SAE Architecture Analysis and Design Language (AADL) Annex Volume 2},
  publisher = {SAE Int'l},
  year =     {2011},
  annote =   {\commentmike{Add more here...}}
}



@book{Friedenthal08:sysml,
 author = {Friedenthal, Sanford and Moore, Alan and Steiner, Rick},
 title = {A Practical Guide to SysML: Systems Modeling Language},
 year = {2008},
 isbn = {0123743796, 9780080558363, 9780123743794},
 publisher = {Morgan Kaufmann Publishers Inc.},
 address = {San Francisco, CA, USA},
}

@inproceedings{NFM2012:CoGaMiWhLaLu,
 author = {Darren D. Cofer and Andrew Gacek and Steven P. Miller and Michael W. Whalen and Brian LaValley and Lui Sha},
 title = {Compositional Verification of Architectural Models},
 booktitle = {Proceedings of the 4th  NASA Formal Methods Symposium (NFM 2012)},
 volume = {7226},
 editor = {Alwyn E. Goodloe and Suzette Person},
 location = {Norfolk, VA, USA},
 publisher = {Springer-Verlag},
 address = {Berlin, Heidelberg},
 pages = {126--140},
 month = {April},
 year = {2012}
}


@article{Miller10:CACM,
 author = {Miller, Steven P. and Whalen, Michael W. and Cofer, Darren D.},
 title = {Software model checking takes off},
 journal = {Commun. ACM},
 volume = {53},
 number = {2},
 year = {2010},
 issn = {0001-0782},
 pages = {58--64},
 doi = {http://doi.acm.org/10.1145/1646353.1646372},
 publisher = {ACM},
 address = {New York, NY, USA},
 }

 @inproceedings{hilt2013,
  author    = {Anitha Murugesan and Michael W. Whalen and Sanjai Rayadurgam and Mats P.E. Heimdahl},
  title     = {Compositional Verification of a Medical Device System},
  booktitle = {ACM Int'l Conf. on High Integrity Language Technology (HILT) 2013},
  year      = {2013},
  month     = {November},
  publisher = {ACM}
}

 @inproceedings{IVCTechReport,
  author    = {ELAHEH PAPER},
  title     = {ELAHEH PAPER},
  booktitle = {ELAHEH PAPER},
  year      = {2016},
  month     = {March}
}


@inproceedings{stravsunskas2002traceability,
  title={Traceability in collaborative systems development from lifecycle perspective},
  author={Stra{\v{s}}unskas, Darijus},
  booktitle={Proceedings of the 1st International Workshop on Traceability in Emerging Forms of Software Engineering (TEFSEâ€™02). ACM, New York},
  year={2002}
}

@inproceedings{attwood2004use,
  title={The use of satisfaction arguments for traceability in requirements reuse for system families: Position paper},
  author={Attwood, Katrina and Kelly, Tim and McDermid, John},
  booktitle={Proceedings of the International Workshop on Requirements Reuse in System Family Engineering, Eighth International Conference on Software Reuse. Carlos III University of Madrid, Madrid Spain},
  pages={18--21},
  year={2004}
}

@article{zave1997four,
  title={Four dark corners of requirements engineering},
  author={Zave, Pamela and Jackson, Michael},
  journal={ACM transactions on Software Engineering and Methodology (TOSEM)},
  volume={6},
  number={1},
  pages={1--30},
  year={1997},
  publisher={ACM}
}
